
@book{luksa_kubernetes_2023,
	title = {Kubernetes in {Action}, {Second} {Edition}},
	isbn = {978-1-61729-761-8},
	abstract = {Kubernetes is an essential tool for anyone deploying and managing cloud-native applications. Kubernetes in Action, Second Edition is a fully-updated and comprehensive guide to developing and running applications in a Kubernetes environment.Kubernetes is an essential tool for anyone deploying and managing cloud-native applications. It lays out a complete introduction to container technologies and containerized applications along with practical tips for efficient deployment and operation. This revised edition of the bestselling Kubernetes in Action contains new coverage of the Kubernetes architecture, including the Kubernetes API, and a deep dive into managing a Kubernetes cluster in production. In Kubernetes in Action, Second Edition, you'll start with an overview of how Docker containers work with Kubernetes and move quickly to building your first cluster. You'll gradually expand your initial application, adding features and deepening your knowledge of Kubernetes architecture and operation. As you navigate this comprehensive guide, you'll also appreciate thorough coverage of high-value topics like monitoring, tuning, and scaling. Purchase of the print book includes a free eBook in PDF, Kindle, and ePub formats from Manning Publications.},
	language = {en},
	publisher = {Manning},
	author = {Lukša, Marko},
	month = aug,
	year = {2023},
	note = {Google-Books-ID: \_YrwzgEACAAJ},
	keywords = {Computers / Distributed Systems / Cloud Computing, Computers / Software Development \& Engineering / General, Computers / Software Development \& Engineering / Tools},
}

@book{shapira_kafka_2021,
	title = {Kafka: {The} {Definitive} {Guide}},
	isbn = {978-1-4920-4303-4},
	shorttitle = {Kafka},
	abstract = {Every enterprise application creates data, whether it consists of log messages, metrics, user activity, or outgoing messages. Moving all this data is just as important as the data itself. With this updated edition, application architects, developers, and production engineers new to the Kafka streaming platform will learn how to handle data in motion. Additional chapters cover Kafka's AdminClient API, transactions, new security features, and tooling changes.Engineers from Confluent and LinkedIn responsible for developing Kafka explain how to deploy production Kafka clusters, write reliable event-driven microservices, and build scalable stream processing applications with this platform. Through detailed examples, you'll learn Kafka's design principles, reliability guarantees, key APIs, and architecture details, including the replication protocol, the controller, and the storage layer.You'll examine:Best practices for deploying and configuring KafkaKafka producers and consumers for writing and reading messagesPatterns and use-case requirements to ensure reliable data deliveryBest practices for building data pipelines and applications with KafkaHow to perform monitoring, tuning, and maintenance tasks with Kafka in productionThe most critical metrics among Kafka's operational measurementsKafka's delivery capabilities for stream processing systems},
	language = {en},
	publisher = {O'Reilly Media},
	author = {Shapira, Gwen and Palino, Todd and Sivaram, Rajini and Petty, Krit},
	month = nov,
	year = {2021},
	note = {Google-Books-ID: MstMEAAAQBAJ},
	keywords = {Computers / Data Science / Data Warehousing, Computers / Data Science / General, Computers / Languages / Java, Computers / Programming / Open Source},
}

@book{seymour_mastering_2021,
	title = {Mastering {Kafka} {Streams} and {ksqlDB}},
	isbn = {978-1-4920-6246-2},
	abstract = {Working with unbounded and fast-moving data streams has historically been difficult. But with Kafka Streams and ksqlDB, building stream processing applications is easy and fun. This practical guide shows data engineers how to use these tools to build highly scalable stream processing applications for moving, enriching, and transforming large amounts of data in real time.Mitch Seymour, data services engineer at Mailchimp, explains important stream processing concepts against a backdrop of several interesting business problems. You'll learn the strengths of both Kafka Streams and ksqlDB to help you choose the best tool for each unique stream processing project. Non-Java developers will find the ksqlDB path to be an especially gentle introduction to stream processing.Learn the basics of Kafka and the pub/sub communication patternBuild stateless and stateful stream processing applications using Kafka Streams and ksqlDBPerform advanced stateful operations, including windowed joins and aggregationsUnderstand how stateful processing works under the hoodLearn about ksqlDB's data integration features, powered by Kafka ConnectWork with different types of collections in ksqlDB and perform push and pull queriesDeploy your Kafka Streams and ksqlDB applications to production},
	language = {en},
	publisher = {"O'Reilly Media, Inc."},
	author = {Seymour, Mitch},
	month = feb,
	year = {2021},
	keywords = {Computers / Data Modeling \& Design, Computers / Data Processing, Computers / Internet / General, Computers / Web / Web Programming},
}

@misc{kolny_scaling_2023,
	title = {Scaling up the {Prime} {Video} audio/video monitoring service and reducing costs by 90\%},
	url = {https://www.primevideotech.com/video-streaming/scaling-up-the-prime-video-audio-video-monitoring-service-and-reducing-costs-by-90},
	abstract = {The move from a distributed microservices architecture to a monolith application helped achieve higher scale, resilience, and reduce costs.},
	language = {en},
	urldate = {2023-05-03},
	journal = {Prime Video Tech},
	author = {Kolny, Marcin},
	month = mar,
	year = {2023},
	note = {Section: Video Streaming},
	file = {Snapshot:/Users/matejc/Zotero/storage/E4NQYKUC/scaling-up-the-prime-video-audio-video-monitoring-service-and-reducing-costs-by-90.html:text/html},
}

@article{cubek_apache_2022,
	title = {Apache {Kafka} {Seminar}},
	language = {hr},
	author = {Čubek, Matej},
	year = {2022},
	file = {Čubek - Sveučilište u Zagrebu.pdf:/Users/matejc/Zotero/storage/XH4R9NE8/Čubek - Sveučilište u Zagrebu.pdf:application/pdf},
}

@article{cubek_streaming_2022,
	title = {Streaming sustavi i kiberneticka sigurnost},
	language = {hr},
	author = {Čubek, Matej},
	year = {2022},
	file = {Seminar2_2022_Čubek_Matej.pdf:/Users/matejc/Zotero/storage/6WD5VYYS/Seminar2_2022_Čubek_Matej.pdf:application/pdf},
}

@book{tanenbaum_distributed_2007,
	address = {Upper Saddle RIiver, NJ},
	edition = {2nd ed},
	title = {Distributed systems: principles and paradigms},
	isbn = {978-0-13-239227-3},
	shorttitle = {Distributed systems},
	language = {en},
	publisher = {Pearson Prentice Hall},
	author = {Tanenbaum, Andrew S. and Steen, Maarten van},
	year = {2007},
	note = {OCLC: ocm70707891},
	keywords = {Distributed operating systems (Computers), Distributed processing, Electronic data processing},
	file = {Tanenbaum and Steen - 2007 - Distributed systems principles and paradigms.pdf:/Users/matejc/Zotero/storage/RCPPHB6V/Tanenbaum and Steen - 2007 - Distributed systems principles and paradigms.pdf:application/pdf},
}

@book{zarko_raspodijeljeni_2013,
	title = {Raspodijeljeni {Sustavi} -  {Radna} inačica udžbenika},
	volume = {v1.3},
	author = {Žarko, Ivana Podnar and Pripužić, Krešimir and Lovrek, Ignac and Kušek, Mario},
	year = {2013},
	file = {Rassus-2016_udzbenik_v_1_3.pdf:/Users/matejc/Zotero/storage/I427Z7Z2/Rassus-2016_udzbenik_v_1_3.pdf:application/pdf},
}

@misc{neos_cloudvane_2023,
	title = {{CloudVane}},
	url = {https://www.neos.hr/solution/cloudvane/},
	abstract = {Optimize Cost and Manage Infrastructure in your Multicloud Environment!

See the complete picture, down to the tiniest detail and workflow process. Automate policies to keep your Multicloud usage optimized and secure. Make all of the costs visible and controllable. Govern, analyse and manage spend, usage and security across your organization.},
	language = {en},
	urldate = {2023-06-04},
	journal = {Neos},
	author = {Neos},
	year = {2023},
	file = {Snapshot:/Users/matejc/Zotero/storage/28F62WPK/cloudvane.html:text/html},
}

@misc{finops_fundation_finops_2021,
	title = {{FinOps} {Foundation} - {What} is {FinOps}?},
	url = {https://www.finops.org/introduction/what-is-finops/},
	abstract = {Find out what FinOps is and more about the operating model for the cloud. Understand the three phases of FinOps, Inform, Optimize and Operate, key principles, capabilities, and best practices from our global community.},
	language = {en-US},
	urldate = {2023-06-05},
	author = {Finops Fundation, Finops},
	month = nov,
	year = {2021},
	file = {Snapshot:/Users/matejc/Zotero/storage/CWM73NVZ/what-is-finops.html:text/html},
}

@misc{courtemanche_what_2021,
	title = {What {Is} {DevOps}? {The} {Ultimate} {Guide}},
	shorttitle = {What {Is} {DevOps}?},
	url = {https://www.techtarget.com/searchitoperations/definition/DevOps},
	abstract = {Grasp the complete meaning of DevOps and how it relates to software development and delivery, including Agile development and IT automation.},
	language = {en},
	urldate = {2023-06-05},
	journal = {IT Operations},
	author = {Courtemanche, Meredith and Mell, Emily and Gillis, Alexander},
	month = dec,
	year = {2021},
	file = {Snapshot:/Users/matejc/Zotero/storage/64PEAV6C/DevOps.html:text/html},
}

@article{hunt_zookeeper_2010,
	title = {{ZooKeeper}: {Wait}-free coordination for {Internet}-scale systems},
	abstract = {In this paper, we describe ZooKeeper, a service for coordinating processes of distributed applications. Since ZooKeeper is part of critical infrastructure, ZooKeeper aims to provide a simple and high performance kernel for building more complex coordination primitives at the client. It incorporates elements from group messaging, shared registers, and distributed lock services in a replicated, centralized service. The interface exposed by ZooKeeper has the wait-free aspects of shared registers with an event-driven mechanism similar to cache invalidations of distributed ﬁle systems to provide a simple, yet powerful coordination service.},
	language = {en},
	author = {Hunt, Patrick and Konar, Mahadev and Junqueira, Flavio P and Reed, Benjamin},
	year = {2010},
	file = {Hunt et al. - ZooKeeper Wait-free coordination for Internet-sca.pdf:/Users/matejc/Zotero/storage/9IS5FN48/Hunt et al. - ZooKeeper Wait-free coordination for Internet-sca.pdf:application/pdf},
}

@misc{chandrakant_kafkas_2022,
	title = {Kafka’s {Shift} from {ZooKeeper} to {Kraft} {\textbar} {Baeldung}},
	url = {https://www.baeldung.com/kafka-shift-from-zookeeper-to-kraft},
	abstract = {A comprehensive explanation of Kafka's Shift from ZooKeeper to Kraft.},
	language = {en-US},
	urldate = {2023-06-06},
	author = {Chandrakant, Kumar},
	month = nov,
	year = {2022},
	file = {Snapshot:/Users/matejc/Zotero/storage/8CGN3R5S/kafka-shift-from-zookeeper-to-kraft.html:text/html},
}

@misc{narkhede_exactly-once_2017,
	title = {Exactly-once {Semantics} is {Possible}: {Here}'s {How} {Apache} {Kafka} {Does} it},
	shorttitle = {Exactly-once {Semantics} is {Possible}},
	url = {https://www.confluent.io/blog/exactly-once-semantics-are-possible-heres-how-apache-kafka-does-it/},
	abstract = {Exactly-once is a hard problem to solve, but we've done it. Available now in Apache Kafka 0.11, exactly-once semantics.},
	language = {en},
	urldate = {2023-06-05},
	journal = {Confluent},
	author = {Narkhede, Neha},
	month = jun,
	year = {2017},
	file = {Snapshot:/Users/matejc/Zotero/storage/8S4CVIPT/exactly-once-semantics-are-possible-heres-how-apache-kafka-does-it.html:text/html},
}

@book{ligus_effective_2012,
	title = {Effective {Monitoring} and {Alerting}},
	isbn = {978-1-4493-3352-2},
	abstract = {With this practical book, you'll discover how to catch complications in your distributed system before they develop into costly problems. Based on his extensive experience in systems ops at large technology companies, author Slawek Ligus describes an effective data-driven approach for monitoring and alerting that enables you to maintain high availability and deliver a high quality of service.Learn methods for measuring state changes and data flow in your system, and set up alerts to help you recover quickly from problems when they do arise. If you're a system operator waging the daily battle to provide the best performance at the lowest cost, this book is for you.Monitor every component of your application stack, from the network to user experienceLearn how to draw the right conclusions from the metrics you obtainDevelop a robust alerting system that can identify problematic anomalies--without raising false alarmsAddress system failures by their impact on resource utilization and user experiencePlan an alerting configuration that scales with your expanding networkLearn how to choose appropriate maintenance times automaticallyDevelop a work environment that fosters flexibility and adaptability},
	language = {en},
	publisher = {"O'Reilly Media, Inc."},
	author = {Ligus, Slawek},
	year = {2012},
	note = {Google-Books-ID: KirJSqFcWIEC},
	keywords = {Computers / Distributed Systems / General, Computers / Networking / General, Computers / Security / Network Security},
}

@book{julian_practical_2017,
	title = {Practical {Monitoring}: {Effective} {Strategies} for the {Real} {World}},
	isbn = {978-1-4919-5732-5},
	shorttitle = {Practical {Monitoring}},
	abstract = {Do you have a nagging feeling that your monitoring needs improvement, but you just aren’t sure where to start or how to do it? Are you plagued by constant, meaningless alerts? Does your monitoring system routinely miss real problems? This is the book for you.Mike Julian lays out a practical approach to designing and implementing effective monitoring—from your enterprise application down to the hardware in a datacenter, and everything between. Practical Monitoring provides you with straightforward strategies and tactics for designing and implementing a strong monitoring foundation for your company.This book takes a unique vendor-neutral approach to monitoring. Rather than discuss how to implement specific tools, Mike teaches the principles and underlying mechanics behind monitoring so you can implement the lessons in any tool.Practical Monitoring covers essential topics including:Monitoring antipatternsPrinciples of monitoring designHow to build an effective on-call rotationGetting metrics and logs out of your application},
	language = {en},
	publisher = {"O'Reilly Media, Inc."},
	author = {Julian, Mike},
	month = oct,
	year = {2017},
	note = {Google-Books-ID: Mak7DwAAQBAJ},
	keywords = {Computers / Software Development \& Engineering / General, Computers / Distributed Systems / General, Computers / Computer Architecture, Computers / System Administration / General},
}

@book{maruthi_mastering_2017,
	title = {Mastering {Linux} {Kernel} {Development}: {A} {Kernel} {Developer}'s {Reference} {Manual}},
	isbn = {978-1-78588-305-7},
	shorttitle = {Mastering {Linux} {Kernel} {Development}},
	abstract = {Explore Implementation of core kernel subsystemsKey FeaturesMaster the design, components, and structures of core kernel subsystemsExplore kernel programming interfaces and related algorithms under the hoodCompletely updated material for the 4.12.10 kernelBook DescriptionMastering Linux Kernel Development looks at the Linux kernel, its internal arrangement and design, and various core subsystems, helping you to gain significant understanding of this open source marvel. You will look at how the Linux kernel, which possesses a kind of collective intelligence thanks to its scores of contributors, remains so elegant owing to its great design.This book also looks at all the key kernel code, core data structures, functions, and macros, giving you a comprehensive foundation of the implementation details of the kernel's core services and mechanisms. You will also look at the Linux kernel as well-designed software, which gives us insights into software design in general that are easily scalable yet fundamentally strong and safe.By the end of this book, you will have considerable understanding of and appreciation for the Linux kernel. What you will learnComprehend processes and files-the core abstraction mechanisms of the Linux kernel that promote effective simplification and dynamismDecipher process scheduling and understand effective capacity utilization under general and real-time dispositionsSimplify and learn more about process communication techniques through signals and IPC mechanismsCapture the rudiments of memory by grasping the key concepts and principles of physical and virtual memory managementTake a sharp and precise look at all the key aspects of interrupt management and the clock subsystemUnderstand concurrent execution on SMP platforms through kernel synchronization and locking techniquesWho this book is for: ﻿If you are a kernel programmer with a knowledge of kernel APIs and are looking to build a comprehensive understanding, and eager to explore the implementation, of kernel subsystems, this book is for you. It sets out to unravel the underlying details of kernel APIs and data structures, piercing through the complex kernel layers and gives you the edge you need to take your skills to the next level.},
	language = {en},
	publisher = {Packt Publishing},
	author = {Maruthi, Ch Raghav and Bharadwaj, Raghu},
	year = {2017},
	note = {Google-Books-ID: sgjhtAEACAAJ},
}

@book{newman_building_2015,
	title = {Building {Microservices}},
	isbn = {978-1-4919-5035-7},
	abstract = {Distributed systems have become more fine-grained in the past 10 years, shifting from code-heavy monolithic applications to smaller, self-contained microservices. But developing these systems brings its own set of headaches. With lots of examples and practical advice, this book takes a holistic view of the topics that system architects and administrators must consider when building, managing, and evolving microservice architectures. Microservice technologies are moving quickly. Author Sam Newman provides you with a firm grounding in the concepts while diving into current solutions for modeling, integrating, testing, deploying, and monitoring your own autonomous services. You’ll follow a fictional company throughout the book to learn how building a microservice architecture affects a single domain.  Discover how microservices allow you to align your system design with your organization’s goals Learn options for integrating a service with the rest of your system Take an incremental approach when splitting monolithic codebases Deploy individual microservices through continuous integration Examine the complexities of testing and monitoring distributed services Manage security with user-to-service and service-to-service models Understand the challenges of scaling microservice architectures},
	language = {en},
	publisher = {O'Reilly Media},
	author = {Newman, Sam},
	month = feb,
	year = {2015},
	note = {Google-Books-ID: 1uUDoQEACAAJ},
	keywords = {Computers / Software Development \& Engineering / General, Computers / Web / Web Programming, Computers / Systems Architecture / Distributed Systems \& Computing},
}

@misc{hadfield_observability_2022,
	title = {Observability vs. {Monitoring}: {What}’s {The} {Difference}?},
	shorttitle = {Observability vs. {Monitoring}},
	url = {https://www.instana.com/blog/observability-vs-monitoring/},
	abstract = {Learn the difference between observability vs monitoring. It could be argued that monitoring is simply a subset of observability.},
	language = {en-US},
	urldate = {2023-06-09},
	journal = {Instana},
	author = {Hadfield, Ally},
	month = jun,
	year = {2022},
	file = {Snapshot:/Users/matejc/Zotero/storage/2JQ7I5SL/observability-vs-monitoring.html:text/html},
}

@book{majors_observability_2022,
	title = {Observability {Engineering}: {Achieving} {Production} {Excellence}},
	isbn = {978-1-4920-7644-5},
	shorttitle = {Observability {Engineering}},
	abstract = {Observability is critical for building, changing, and understanding the software that powers complex modern systems. Teams that adopt observability are much better equipped to ship code swiftly and confidently, identify outliers and aberrant behaviors, and understand the experience of each and every user. This practical book explains the value of observable systems and shows you how to practice observability-driven development. Authors Charity Majors, Liz Fong-Jones, and George Miranda from Honeycomb explain what constitutes good observability, show you how to improve upon what you're doing today, and provide practical dos and don'ts for migrating from legacy tooling, such as metrics, monitoring, and log management. You'll also learn the impact observability has on organizational culture (and vice versa). You'll explore:  How the concept of observability applies to managing software at scale The value of practicing observability when delivering complex cloud native applications and systems The impact observability has across the entire software development lifecycle How and why different functional teams use observability with service-level objectives How to instrument your code to help future engineers understand the code you wrote today How to produce quality code for context-aware system debugging and maintenance How data-rich analytics can help you debug elusive issues},
	language = {en},
	publisher = {O'Reilly Media, Incorporated},
	author = {Majors, Charity and Fong-Jones, Liz and Miranda, George},
	year = {2022},
	note = {Google-Books-ID: J5\_jzQEACAAJ},
	keywords = {Computers / Data Science / Data Warehousing, Computers / Distributed Systems / General, Computers / System Administration / Storage \& Retrieval},
}

@misc{monitorama_monitorama_2016,
	title = {Monitorama {PDX} 2016 - {Greg} {Poirier} - {Monitoring} is {Dead}. {Long} {Live} {Monitoring}},
	url = {https://vimeo.com/173610062},
	abstract = {This is \&quot;Monitorama PDX 2016 - Greg Poirier - Monitoring is Dead. Long Live Monitoring\&quot; by Monitorama on Vimeo, the home for high quality videos and the\&hellip;},
	urldate = {2023-06-06},
	author = {Monitorama},
	collaborator = {Poirier, Greg},
	month = jul,
	year = {2016},
	file = {Snapshot:/Users/matejc/Zotero/storage/3RIM3E2B/173610062.html:text/html},
}

@book{turnbull_logstash_2014,
	title = {The {Logstash} {Book}},
	isbn = {978-0-9888202-2-7},
	abstract = {A new book designed for SysAdmins, Operations staff, Developers and DevOps who are interested in deploying a log management solution using the open source tool Logstash. In this book we will walk you through installing, deploying, managing and extending Logstash. We'll teach you how to: * Install and deploy Logstash. * Ship events from a Logstash Shipper to a central Logstash server. * Filter incoming events using a variety of techniques. * Output those events to a selection of useful destinations. * Use Logstash's awesome web interface Kibana. * Scale out your Logstash implementation as your environment grows. * Quickly and easily extend Logstash to deliver additional functionality you might need. By the end of the book you should have a functional and effective log management solution that you can deploy into your own environment.},
	language = {en},
	publisher = {Lulu.com},
	author = {Turnbull, James},
	month = dec,
	year = {2014},
	note = {Google-Books-ID: 5dIEBwAAQBAJ},
}

@book{konda_elasticsearch_2023,
	title = {Elasticsearch in {Action}, {Second} {Edition}},
	isbn = {978-1-61729-985-8},
	abstract = {Build powerful, production-ready search applications using the incredible features of Elasticsearch.Elasticsearch in Action, Second Edition is a hands-on guide to developing fully functional search engines with Elasticsearch and Kibana. Rewritten for the latest version of Elasticsearch, this completely new second edition explores Elasticsearch’s high-level architecture, reveals infrastructure patterns, and walks through the search and analytics capabilities of numerous Elasticsearch APIs. You’ll quickly progress from the basics of installation and configuring clusters, to indexing documents, advanced aggregations, and putting your servers into production. By the time you’re done, you’ll be ready to build amazing search engines for your clients that take advantage of Elasticsearch’s modern features. Purchase of the print book includes a free eBook in PDF, Kindle, and ePub formats from Manning Publications.},
	language = {en},
	publisher = {Manning},
	author = {Konda, Madhusudhan},
	month = may,
	year = {2023},
	note = {Google-Books-ID: c7OyzgEACAAJ},
	keywords = {Computers / Data Science / General, Computers / Data Science / Data Analytics, Computers / System Administration / Backup \& Recovery},
}

@book{gormley_elasticsearch_2015,
	title = {Elasticsearch: {The} {Definitive} {Guide}},
	isbn = {978-1-4493-5854-9},
	shorttitle = {Elasticsearch},
	abstract = {Whether you need full-text search or real-time analytics of structured data--or both--the Elasticsearch distributed search engine is an ideal way to put your data to work. This practical guide not only shows you how to search, analyze, and explore data with Elasticsearch, but also helps you deal with the complexities of human language, geolocation, and relationships. If you're a newcomer to both search and distributed systems, you'll quickly learn how to integrate Elasticsearch into your application. More experienced users will pick up lots of advanced techniques. Throughout the book, you'll follow a problem-based approach to learn why, when, and how to use Elasticsearch features.  Understand how Elasticsearch interprets data in your documents Index and query your data to take advantage of search concepts such as relevance and word proximity Handle human language through the effective use of analyzers and queries Summarize and group data to show overall trends, with aggregations and analytics Use geo-points and geo-shapes--Elasticsearch's approaches to geolocation Model your data to take advantage of Elasticsearch's horizontal scalability Learn how to configure and monitor your cluster in production},
	language = {en},
	publisher = {O'Reilly},
	author = {Gormley, Clinton and Tong, Zachary},
	year = {2015},
	note = {Google-Books-ID: 2tQBoQEACAAJ},
	keywords = {Computers / Web / Web Programming, Computers / Internet / Application Development, Computers / Web / Search Engines},
}

@misc{harris_microservices_2023,
	title = {Microservices vs. monolithic architecture},
	url = {https://www.atlassian.com/microservices/microservices-architecture/microservices-vs-monolith},
	abstract = {While a monolithic application is a single unified unit, a microservices architecture is a collection of smaller, independently deployable services.},
	language = {en},
	urldate = {2023-06-18},
	journal = {Atlassian},
	author = {Harris, Chandler},
	year = {2023},
	file = {Snapshot:/Users/matejc/Zotero/storage/3C4LXNHX/microservices-vs-monolith.html:text/html},
}

@misc{red_hat_what_2021,
	title = {What is containerization?},
	url = {https://www.redhat.com/en/topics/cloud-native-apps/what-is-containerization},
	abstract = {Containerization is the packaging together of software code with all it’s necessary components like libraries, frameworks, and other dependencies so that they are isolated in their own “container.”},
	language = {en},
	urldate = {2023-07-21},
	author = {Red Hat, Inc},
	month = apr,
	year = {2021},
	file = {Snapshot:/Users/matejc/Zotero/storage/WZK8E634/what-is-containerization.html:text/html},
}

@misc{gillis_what_2020,
	title = {What {Are} {Containers} ({Container}-based {Virtualization} or {Containerization})?},
	url = {https://www.techtarget.com/searchitoperations/definition/container-containerization-or-container-based-virtualization},
	abstract = {Containers, or container-based virtualization, can offer virtualization performance advantages over hypervisor-based virtualization in environments where multiple operating systems aren't required.},
	language = {en},
	urldate = {2023-07-21},
	journal = {TechTarget},
	author = {Gillis, Alexander},
	month = mar,
	year = {2020},
	file = {Snapshot:/Users/matejc/Zotero/storage/UEP4FKAF/container-containerization-or-container-based-virtualization.html:text/html},
}

@misc{cloudflare_why_2023,
	title = {Why use serverless computing? {\textbar} {Pros} and cons of serverless},
	shorttitle = {Why use serverless computing?},
	url = {https://www.cloudflare.com/learning/serverless/why-use-serverless/},
	abstract = {Serverless computing offers developers many advantages. Learn more about why developers should build serverless apps and who should use serverless architecture.},
	language = {en-gb},
	urldate = {2023-06-06},
	journal = {Cloudflare},
	author = {CloudFlare, Inc},
	year = {2023},
	file = {Snapshot:/Users/matejc/Zotero/storage/WBURGR53/why-use-serverless.html:text/html},
}
